@online{microsoft3,
  author = {conorm},
  title = {Maintainability Index Range and Meaning},
  year = 2007,
  url = {https://blogs.msdn.microsoft.com/codeanalysis/2007/11/20/maintainability-index-range-and-meaning/},
  urldate = {2007-11-20}
}

@report{c4,
author = {John T. Foreman and Jon Gross and Robert Rosenstein and David Fisher and Kimberly Brune},
title = {C4 Software Technology Reference Guide: A Prototype},
institution = {Software Engineering Institute},
year = {1997}
}